2694 4860
630 282 797 378 A'N'T

183 449 458 516 ANSTRUTHER
473 455 678 532 (samanar)
692 453 815 531 Reporta
836 450 870 513 of
885 451 972 511 casas
992 450 1104 531 argued
1117 451 1176 515 and
1189 452 1242 516 de·

223 532 368 592 termined
389 540 419 592 in
439 533 488 592 the
503 533 594 592 Conrt
608 533 643 592 oi
660 533 835 612 Exchequer
848 532 925 591 from
939 532 1135 593 Michaelmaa
1148 534 1240 595 Tarm

222 613 263 671 ³6
282 615 353 671 Geo.
375 613 430 671 111.
451 622 483 670 to
496 612 614 690 Trinity
627 612 716 671 Terra
730 614 767 671 87
782 612 853 671 Geo.
868 612 929 671 111..
939 612 1009 670 both
1023 611 1169 672 inclmire.
1184 614 1240 672 rol.

223 711 268 749 ιιι.
290 694 320 750 8⁰
333 692 422 750 Lond.
444 692 531 751 1797.

183 770 458 829 ANSTRUTHER
474 772 537 847 (Sir
548 770 641 842 rotari)
659 768 711 826 llis
725 769 806 827 Case.
826 768 874 826 sol.

182 880 341 895 --—-
354 848 493 908 Remarhs
506 869 545 908 on
558 851 603 907 Sir
616 847 694 906 John
708 847 908 906 Austruther's
922 847 1001 905 Case.
1023 846 1074 907 iol.

184 927 460 986 ANSTRUTHER
476 929 538 1003 (Sir
549 927 691 998 wisaram)
707 925 810 984 Clausa
822 926 897 984 from
912 927 1014 987 Quaen
1026 926 1139 986 Anne's
1149 926 1241 987 Char·

223 1015 308 1064 terto
322 1006 382 1063 him
399 1005 432 1064 ot
441 1007 491 1064 the
507 1005 600 1064 Lands
614 1005 647 1064 of
657 1005 722 1081 Ely.
742 1004 794 1063 fol.

183 1066 461 1144 Ah'TARVETUS
476 1087 633 1160 (tonsuras)
649 1104 675 1142 v.
692 1101 896 1142 sanciamus.

182 1192 341 1211 —--
353 1163 499 1240 Apologia
521 1183 575 1240 pro
589 1162 703 1236 judicio
720 1162 833 1220 Schola
848 1163 1014 1221 Parisiensis
1027 1161 1063 1220 de
1077 1163 1244 1222 Alchimia:

223 1240 259 1300 ad
282 1241 399 1299 Harveti
413 1244 439 1300 &
454 1243 613 1320 Baucyneti
626 1251 770 1302 recoctam
783 1241 940 1299 crambem.
964 1241 1013 1301 12⁰
1034 1244 1102 1299 Por.
1119 1240 1205 1301 1604.

185 1350 339 1366 -·-—
354 1320 621 1379 Animadversiones
640 1320 670 1376 in
683 1319 702 1376 J
705 1319 804 1377 oannis
817 1321 977 1386 Antarveti,
1000 1319 1157 1378 Medicinae
1171 1339 1241 1379 can·

224 1397 326 1466 didati,
340 1400 514 1477 Apologiam
524 1417 580 1479 pro
588 1398 703 1472 judicio
713 1397 826 1456 Scholae
837 1399 1009 1468 parisiensis,
1022 1398 1058 1457 de
1067 1397 1238 1476 Alchymia.

223 1479 256 1535 4⁰
275 1479 406 1550 Francos.
424 1477 509 1535 1604.

185 1556 426 1616 ANTELMIUS
442 1558 612 1633 (sosarnus)
626 1555 671 1613 De
694 1555 788 1614 Initiis
804 1555 943 1614 Ecclesiae
957 1553 1159 1628 Forojuliensis
1173 1555 1242 1615 Dis·

224 1637 358 1693 sectatio:
379 1653 521 1694 accessere
535 1633 721 1713 Appendices
736 1644 801 1692 tres.
821 1636 853 1691 4⁰
865 1634 1070 1712 Aquis-serbis.
1088 1633 1174 1692 1680.

186 1713 318 1772 ANTFs
333 1715 439 1788 (roan)
455 1714 658 1772 Observations
671 1731 710 1771 on
723 1712 773 1771 the
784 1713 922 1772 Manners
930 1713 986 1771 and
997 1713 1133 1770 Customs
1146 1711 1180 1772 os
1190 1713 1240 1772 the

328 1794 332 1803 “
437 1795 449 1829 0

186 1791 736 1947 4111111111111134Dhih3111221n0ny3
758 1888 792 1928 οι
805 1888 822 1928 a
836 1870 909 1933 New
923 1867 1080 1928 Collection
1094 1870 1129 1928 os
1145 1870 1241 1930 Select

224 1949 378 2007 Anthems.
399 1951 431 2007 8⁰
450 1949 540 2008 Loud.
556 1948 642 2007 1712.

186 2026 469 2086 ANTHOLOGIA.
490 2027 667 2104 Anthologia
680 2027 933 2104 Epigrammatum
943 2028 1123 2094 Graecorum,
1136 2026 1242 2087 edente

224 2105 300 2164 Jano
327 2107 452 2177 Lascari,
485 2107 536 2164 Gr.
567 2107 637 2182 [litt.
664 2107 832 2181 mcp'useulia,
862 2126 921 2164 cum
948 2109 1127 2179 Proefuriorre.
1158 2125 1241 2165 snm.

226 2202 373 2242 raincars.
397 2184 546 2262 Exemplar
565 2188 721 2262 impressum
736 2186 766 2256 in
779 2186 980 2261 mansuariis]
997 2187 1073 2244 Flos.
1083 2204 1137 2264 per
1149 2186 1241 2243 laur.

226 2262 327 2320 Fronc.
342 2265 376 2322 dr
388 2262 490 2340 Alope.
511 2266 544 2321 4⁰
565 2262 651 2321 1494.

357 2341 460 2400 bloriie
480 2344 541 2400 ium
560 2341 738 2400 diversorum
752 2340 1007 2420 Epigrammatum
1021 2345 1050 2402 in
1066 2353 1177 2423 septem
1192 2343 1244 2401 Li·

226 2420 301 2478 bros.
318 2421 369 2478 Gr.
391 2422 422 2478 8⁰
466 2441 507 2479 eu.
522 2416 588 2478 Ait.
605 2420 691 2478 1503.

590 2500 623 2557 8⁰
636 2499 712 2557 Flor.
722 2516 775 2575 per
788 2490 905 2558 l'oeredes
918 2501 970 2557 Ph.
984 2501 1085 2560 Juutoe.
1107 2500 1195 2559 1⁵19.

592 2575 694 2635 Solerti
708 2595 804 2656 nuper
817 2589 1007 2658 repurgatum
1020 2596 1241 2639 cura.rr.n.xx1.

225 2657 258 2713 8⁰
282 2654 342 2712 Ven.
354 2657 384 2712 a'rr
398 2655 448 2713 oed.
464 2653 544 2712 Aldi.
560 2653 645 2714 lsai.

421 2764 578 2804 ——e-—
592 2735 639 2790 cui
653 2734 789 2793 nonnulla
801 2754 898 2812 nuper
908 2737 1024 2795 inventa
1034 2736 1240 2815 Epigramma-

225 2823 254 2870 ta
266 2815 295 2870 in
306 2812 362 2870 fine
375 2811 485 2886 adjecta
498 2820 573 2868 srrnt.
594 2813 626 2869 8⁰
651 2813 711 2870 Vera.
725 2812 792 2870 ΑΜ.
809 2814 894 2873 1550.
910 2816 956 2891 [in
969 2816 1047 2875 culce
1056 2835 1120 2874 vero
1134 2814 1240 2890 losa]

439 2896 442 2900 ⁴
593 2890 632 2947 H.
647 2891 745 2968 Steph.
766 2894 799 2949 4⁰
819 2893 884 2950 Lus.
897 2894 983 2952 1566.

184 2968 579 3045 --’-----,-
591 2971 822 3029 annotationibus
844 2972 965 3031 loannis
989 2973 1104 3032 Brodaei
1123 2989 1241 3031 necnon

225 3045 371 3106 Vincentii
386 3048 466 3106 Obso
487 3048 533 3114 aei,
546 3048 572 3104 δι
586 3049 697 3106 Graecis
711 3052 740 3106 in
751 3050 888 3128 pleraque
898 3050 1119 3129 Epigrammata
1126 3050 1242 3110 scholiis

225 3124 443 3186 illustratorum.
465 3069 514 3184 101.
535 3127 666 3198 Francrp‘.
686 3127 797 3185 Weclrel.
815 3129 899 3186 1600.

185 3235 343 3250 -—--
357 3206 495 3263 Analecta
508 3214 638 3262 veterum
664 3206 816 3264 Poetarum
837 3209 1020 3266 Graecorum.
1045 3207 1113 3269 edit.
1131 3207 1168 3275 R.
1192 3207 1241 3266 Fr.

226 3282 300 3340 Phil.
315 3285 444 3343 Brunck.
468 3287 519 3342 Gr.
540 3285 642 3340 3tom.
663 3285 775 3363 Argeas.
792 3284 971 3345 1777-1776.

186 3392 343 3409 -—
356 3364 531 3442 Anthologia
555 3363 670 3431 Graeca,
690 3365 747 3421 sive
771 3362 925 3422 Poetarum
944 3367 1115 3424 Graecorum
1132 3364 1243 3440 Lusus3

227 3439 278 3494 Gr.
292 3458 328 3496 ex
342 3443 503 3499 recensione
519 3442 678 3499 Brunckii:
701 3441 812 3500 Indices
825 3453 854 3500 et
868 3442 1121 3505 Commentariun
1134 3444 1241 3519 adjecit

226 3516 321 3575 Fried.
334 3520 449 3577 Jacobs.
472 3520 509 3577 12
522 3530 591 3577 tom.
612 3522 644 3576 8⁰
663 3520 741 3598 Lipr.
758 3521 936 3581 itas-1802.
1142 3539 1144 3542 ‘

186 3624 342 3640 -—-
358 3597 501 3673 Florilegii
524 3599 666 3655 variorum
689 3598 939 3676 Epigrammatum
963 3601 992 3658 in
1015 3613 1126 3680 septem
1149 3601 1241 3661 libros

225 3672 379 3743 distributi,
403 3677 455 3734 Gr.
470 3676 535 3733 Lot.
550 3679 670 3752 primus,
691 3678 810 3755 interpr.
824 3677 962 3737 Eilhardo
977 3679 1100 3740 Lubino.
1121 3682 1152 3737 4⁰

185 3783 342 3798 ——-
356 3754 532 3832 Anthologia
545 3755 650 3812 Graeca
659 3773 728 3813 cum
744 3756 882 3814 Versione
896 3758 1001 3815 Latino
1016 3759 1150 3836 Hogonia
1164 3760 1242 3819 Gro-

226 3831 268 3899 tii,
281 3831 356 3889 edita
370 3833 405 3889 ab
419 3833 601 3909 Hieronymo
614 3834 650 3890 de
663 3834 765 3892 Bosch.
780 3838 799 3892 3
814 3845 884 3893 tom.
905 3834 953 3894 sol.
973 3836 1044 3894 Uitr.
1061 3837 1242 3898 1795·1798.

186 3939 342 3958 -—
357 3911 539 3989 Anthologiae
553 3913 721 3970 Graecorum
743 3913 996 3992 Epigrammatum
1019 3916 1106 3974 Liber
1127 3920 1242 3995 primus

224 3991 375 4046 universus
389 4009 441 4066 per
452 3991 499 4048 Fr.
512 3990 677 4048 Belcarium
688 3992 883 4070 Peguilioncm
894 3995 923 4052 in
935 3994 1069 4053 Latinam
1075 4015 1240 4055 sermonem

225 4081 385 4125 conversus.
407 4071 438 4126 4⁰
459 4071 526 4127 Por.
543 4068 629 4127 1548.

184 4147 572 4223 ——Anthologicum
581 4148 1241 4229 Gracco-latinum:hocestinsignioresFlorea

225 4241 274 4280 seu
283 4222 438 4282 Sententiae
446 4224 594 4306 decerptae
601 4246 637 4285 ex
646 4225 781 4296 Hesiodo,
789 4229 968 4306 Theognide,
979 4230 1154 4309 Pythagora,
1163 4231 1240 4291 Pho·

226 4299 331 4377 cylide,
345 4303 445 4370 Arato,
457 4313 487 4360 et
500 4303 664 4363 Theocrito.
704 4305 758 4363 His
770 4317 950 4367 accesserunt
963 4309 1010 4367 alii
1025 4318 1084 4368 tres
1097 4311 1188 4369 libelli
1201 4332 1239 4369 ex

224 4380 340 4455 scriptis
354 4379 492 4449 Platonis,
510 4381 724 4462 Xenophontis,
744 4383 903 4456 Plutarchi,
921 4398 951 4446 et
962 4387 1070 4455 ¹lustini
1087 4389 1240 4467 Martyris,

195 4526 199 4533 Ι
225 4456 349 4518 confecti
360 4479 412 4538 per
423 4459 599 4522 Michaelem
612 4460 783 4524 Neandrum
797 4465 1006 4526 Sorauiensem.
1021 4468 1053 4524 8⁰
1065 4466 1134 4526 Bas.
1152 4467 1238 4526 1556.
