2694 4860
177 329 185 338 .
393 355 395 358 ,
470 349 473 354 ⁵
574 257 623 347 ¹n
650 259 687 336 n
713 257 752 339 u

137 418 302 485 BRUNUS
318 413 475 495 (conatu.)
491 412 529 474 D.
545 413 672 472 Conradi
688 415 776 473 Brvni
791 413 973 474 lvreconsvlti
995 411 1074 472 Libri
1095 431 1145 472 rex
1162 411 1201 537 ἁῖ

178 499 333 557 Htereticis
348 499 377 553 in
391 513 504 572 genere.
523 494 558 551 D.
574 493 674 569 Optati
690 493 756 551 Alri
772 494 909 572 Episcopi
924 491 1067 570 qvondam
1084 493 1185 552 Mileti

138 572 144 580 ’
179 582 238 638 tani
262 577 340 635 Libri
358 593 410 633 sex
422 573 457 631 de
472 573 628 631 Donatistis
642 576 671 630 in
684 571 789 650 specie,
805 575 978 633 nominatim
987 573 1021 630 in
1035 573 1201 631 Parmenon-

179 676 260 715 num.
276 655 363 714 Plura
375 654 412 710 D.
428 653 515 710 Brvni
530 652 643 728 Opera:
657 662 754 729 utpote
769 651 973 711 De‘Seditiosis
988 651 1069 710 Libri
1084 670 1143 717 sex,
1154 650 1200 707 De

180 735 336 793 Calvmniis
353 733 431 790 Libri
446 742 513 799 tres,
529 731 573 788 De
582 729 742 798 Vniuersali
754 729 881 792 Consilio
894 731 974 790 Libri
984 749 1105 797 nouem,
1119 728 1201 787 dein·

179 833 250 892 ceps
262 812 364 871 eodem
379 809 466 869 modo
479 819 508 867 et
522 810 617 878 studio
630 808 774 878 aedentar,
795 809 858 870 Deo
877 811 1026 888 propicio,-
1041 809 1079 868 ad
1098 825 1203 884 pacem

181 895 208 951 a
223 892 373 950 utilitatem
387 889 544 967 publicam.
565 889 613 947 fol.
635 905 681 965 ap.
697 889 725 947 S.
745 890 812 946 Vict.
823 907 913 977 prope
927 889 1059 964 Mogunt.
1075 887 1161 945 1549.

144 971 308 1036 BRUNUS
325 970 531 1047 (ranucrscns)
546 968 697 1026 Tractatis
708 968 744 1026 de
759 968 876 1031 Iudiciis
890 978 919 1026 et
932 967 1052 1025 Tortvra
1066 966 1203 1025 1111155-

183 1051 253 1111 cisci
279 1051 381 1115 Brutti,
403 1048 440 1106 D.
455 1047 595 1107 Gnidonis
608 1046 645 1106 de
660 1048 778 1106 Suzaria
792 1046 957 1115 Mantuani,
978 1055 1007 1103 et
1022 1046 1058 1103 Ι).
1074 1043 1156 1102 Baldi
1168 1043 1205 1104 de

184 1129 305 1205 Periglis
318 1127 447 1185 Perusini
461 1146 530 1184 cum
545 1120 637 1187 additi
650 1127 755 1184 Ludov.
770 1127 934 1206 Bolognini.
955 1127 986 1184 8⁰
1012 1124 1073 1182 Vm.
1091 1123 1176 1181 1549.

145 1207 311 1268 BRUNUS
326 1206 438 1283 (roan.)
455 1206 558 1265 Scarus.
580 1206 615 1264 ln
636 1204 857 1265 Benedictiones
874 1204 946 1263 XII.
966 1203 1205 1266 Patriarclaarvm.

186 1286 402 1345 Commentario
416 1294 444 1343 et
458 1284 565 1346 Qvaest.
579 1284 760 1363 Analyticae.
781 1287 813 1342 8⁰
838 1283 900 1342 Ven.
916 1281 1002 1340 1604.

146 1365 311 1502 mitiga&
338 1366 516 1440 (sommus)
542 1365 680 1424 Nolanam
719 1363 764 1424 De
777 1363 897 1423 Vmbria
920 1361 1065 1421 ldearum.
1085 1361 1118 1448 80
1138 1360 1207 1419 Par.

149 1555 309 1572 ---
323 1523 381 1580 Ars
394 1521 560 1581 Memoriae.
583 1523 614 1580 8⁰

150 1634 309 1650 -—-
323 1600 490 1670 Candelaio,
512 1600 660 1659 Comedia.
682 1602 713 1658 8⁰
733 1601 802 1659 Par.
819 1599 903 1659 1582.

150 1714 308 1728 ---
320 1681 365 1738 De
386 1679 592 1759 compendiosa
614 1680 817 1739 Architectvra
837 1682 864 1738 &
886 1678 1111 1756 Complemeuto
1130 1675 1209 1737 Ani·

193 1760 285 1820 Lullii.
309 1758 358 1819 120
379 1761 448 1817 Pur.
465 1759 551 1818 1582.
761 1755 769 1766 “

151 1869 309 1886 ---
324 1836 397 1895 Dell’
412 1837 523 1895 infinito
536 1837 676 1895 Vniverso
689 1846 718 1895 et
733 1836 850 1895 Mondi.
869 1839 901 1895 8⁰
927 1836 988 1897 Vm.
1003 1836 1093 1896 1584.

154 1951 312 1964 ---
328 1917 368 1974 La
381 1917 462 1974 Cena
475 1917 511 1975 de
524 1916 552 1974 le
565 1917 678 1973 Generi.
698 1919 730 1974 8⁰
754 1916 837 1975 1584.

153 2029 311 2044 ---
325 1996 369 2053 De
383 1996 410 2054 la
424 1995 527 2063 Causa,
550 1996 708 2072 Principio,
727 2007 756 2053 et
772 1996 849 2055 Uno.
870 1996 900 2052 80
926 1995 987 2053 Vm.
1005 1994 1092 2052 1584.

153 2109 311 2125 -—-
326 2075 448 2149 Spaccio
461 2074 536 2132 della
551 2075 645 2131 Bestia
659 2073 825 2132 trionlante.
845 2074 876 2132 80
896 2077 965 2132 Par.
982 2075 1069 2133 1584.

154 2186 313 2200 ---
326 2153 433 2212 Cabala
445 2152 501 2210 del'
517 2152 631 2210 Cavallo
643 2152 786 2231 Pegaseo:
800 2168 857 2212 con
869 2151 1033 2231 l’aggiunta
1045 2149 1112 2210 dell'
1122 2150 1213 2209 Asino

193 2232 342 2291 Cillenico.
365 2233 396 2288 8⁰
419 2233 487 2290 Par.
504 2230 589 2288 1585.

157 2343 315 2357 --—
331 2309 418 2386 Degl'
436 2309 544 2367 heroici
560 2309 668 2366 erori.
689 2310 721 2366 8⁰
742 2312 810 2368 Por.
826 2308 913 2367 1585.
977 2318 988 2342 ‘

157 2422 315 2436 —---
325 2388 370 2447 De
394 2388 549 2467 Progressi
572 2397 602 2446 et
625 2387 771 2466 lampade
785 2387 943 2447 Venatoria
958 2389 1144 2467 Logicorum.
1184 2386 1216 2444 8⁰

330 2546 519 2611 Acrousmvs,
539 2563 590 2602 seu
606 2543 740 2605 Rationes
754 2546 948 2606 Articulorum
963 2546 1154 2623 Physioomm
1168 2542 1217 2603 arl-

199 2643 296 2683 veraus
311 2624 516 2701 Peripateticos
530 2623 642 2682 Parisiis
657 2629 882 2703 propositorum,
903 2637 958 2683 etc.
979 2627 1011 2684 8⁰
1029 2624 1114 2682 Vtut.
1130 2624 1217 2683 1588.

159 2734 318 2748 --
331 2703 376 2760 De
387 2704 552 2780 Speciervm
562 2705 704 2761 Scrvtinio
717 2715 745 2762 et
760 2704 906 2782 Lampade
920 2704 1125 2764 combinatoria
1139 2701 1218 2779 Ray·

200 2781 300 2840 mvndi
316 2782 409 2840 Lvllil.
435 2781 482 2841 12⁰
502 2784 590 2860 Prug.
606 2781 693 2841 1588.

160 2892 319 2907 --
332 2860 377 2918 De
392 2861 562 2937 Imaginvm,
577 2861 740 2938 Signorvm,
754 2873 782 2920 et
797 2861 931 2921 lrlearum
943 2861 1169 2941 compositione,
1181 2859 1218 2920 ad

199 2942 298 2997 omnia
313 2940 525 3007 inventionum,
546 2941 784 3016 Dispositionum,
805 2942 998 3002 &Memoriae
1022 2959 1130 3020 genera
1137 2959 1146 3013 3
1167 2941 1217 2999 Li·

200 3018 245 3076 bri
260 3029 325 3076 tres.
347 3021 378 3076 8⁰
397 3020 497 3077 Franc.
516 3019 601 3076 1591.

163 3130 322 3145 ----
335 3098 380 3155 De
402 3099 507 3176 triplici
528 3099 658 3158 Minimo
671 3108 700 3158 et
714 3100 861 3167 Mensura,
881 3099 917 3158 ad
936 3101 1023 3158 utrm
1037 3097 1221 3176 speculativa-

201 3195 268 3234 rum
280 3177 471 3234 scientiarum
484 3187 514 3234 et
527 3176 686 3236 multarum
698 3181 861 3239 actiuarum
874 3180 993 3238 Artium
1005 3177 1162 3254 Principia,
1175 3177 1221 3234 Li·

205 3255 250 3311 bri
266 3273 294 3311 v.
314 3254 347 3311 8⁰
365 3256 467 3312 Franc.
485 3254 570 3312 1591.

165 3364 324 3380 --
339 3332 449 3391 Recens
467 3344 496 3390 et
509 3333 655 3413 completa
667 3333 724 3394 Ars
739 3333 941 3395 reminiscendi
956 3345 985 3394 et
999 3336 1028 3394 in
1042 3333 1223 3412 phantastico

207 3412 320 3487 Campo
333 3411 479 3469 exarandi.
500 3414 533 3469 8⁰

168 3522 327 3539 --—-·
339 3489 504 3568 Explicatio
517 3491 633 3567 triginta
647 3491 822 3568 Sigillorum.
842 3494 884 3552 80.

169 3599 326 3615 ---
341 3569 387 3626 De
401 3569 615 3646 compositione
636 3572 811 3649 Imaginum.
833 3574 872 3630 8⁰.
1154 3630 1160 3642 ,

167 3678 325 3692 ---·
339 3648 507 3736 Artificium
531 3650 695 3725 perorandi,
715 3650 853 3709 traditum
871 3670 889 3709 a
907 3649 1036 3710 Jordano
1049 3651 1148 3709 Bruno
1163 3651 1225 3710 No·

208 3727 284 3792 lano,
298 3730 550 3786 communicatum
564 3747 581 3785 a
593 3728 834 3802 Julian-ilenrico
847 3730 985 3789 Alstedio.
1000 3731 1031 3786 8⁰
1040 3731 1126 3788 Fran.
1139 3729 1225 3788 lala.

170 3804 336 3865 BRUNUS
351 3807 555 3881 (teutrannus)
570 3806 724 3866 Arretium.
746 3809 941 3885 Epistularum
961 3809 1042 3867 Libri
1056 3811 1114 3868 viii.
1129 3828 1226 3870 receu-

207 3893 289 3960 pente
305 3884 460 3945 Laurentio
474 3885 591 3943 Mehua.
613 3887 682 3945 Pars
695 3889 799 3965 prima.
821 3891 853 3946 8⁰
873 3890 949 3946 Flor.
966 3888 1052 3946 1741.

170 3994 329 4010 ——-
658 3966 725 4025 Pars
739 3965 879 4026 Secunda.
900 3970 930 4026 8⁰
952 3965 1151 4025 11ον1741.ι

171 4041 335 4102 BRUNUS
350 4047 545 4120 (uunovrcus)
561 4045 605 4104 De
620 4045 710 4104 Obitu
729 4049 857 4104 sereniss.
872 4045 1051 4104 &catholice
1072 4045 1128 4103 drie
1149 4044 1228 4104 Heli·

212 4122 319 4179 zabeth
340 4122 452 4202 lbegine
476 4125 528 4183 His
551 4127 639 4198 aniar3
653 4125 680 4182 &
692 4126 809 4203 vtriusq3
823 4125 916 4184 Sicilie
930 4143 963 4182 ac
979 4124 1157 4186 Hierusalem
1173 4125 1229 4183 Re-

213 4201 280 4276 gine
295 4201 405 4260 Oratio.
420 4204 479 4276 xxij
494 4145 649 4279 Februartj.
659 4205 747 4261 Anno
760 4200 829 4261 Dni.
851 4222 1019 4264 mcccccv.
1039 4205 1070 4260 40
1092 4203 1178 4263 1505.

176 4278 374 4339 BRUNYER
389 4284 493 4358 (nanc)
511 4282 616 4342 llortvs
630 4282 734 4360 Regius
749 4283 896 4342 Blesensia.
918 4281 1235 4420 sOI'BllllfJ'sffile'ffib
